1005 1566
208 225 629 42 rés, nous le savons, par les Ossètes, comme faisant partie.

210 262 627 34 de la propriété familiale; il en est ainsi des terres labou¬

210 284 625 43 rées, des prairies entourées de clôtures, et des pâturages,

212 321 625 32 les forêts, toutefois, appartiennent souvent à tous les habi¬

212 348 627 35 tants d’un même aoul, quelquefois même aux habitants de

211 379 628 38 plusieurs aouls voisins. La règle générale, qui fait de la

212 409 627 33 terre la propriété commune de la famille réunie, comporte.

212 434 627 35 deux exceptions : quelques lots de terrain sont possédés

211 464 628 39 individuellement, d’autres sont la propriété de tout uai

210 493 629 35 clan. «Je connais, dit M. Pfaaf, des lots de terrain qui sont

211 524 629 34 regardés comme la propriété d’un seul, d’autres comme le

211 553 629 34 bien commun d’un couple individuel composé du mari et¬

207 578 630 39 de la femme, d’autres comme la propriété de tout le feu,

211 612 628 35 d’autres, enfin, comme la propriété de tout un clan; je

211 642 629 37 passe sous silence les pâturages, qui, comme nous l'avons

208 668 631 35 dit, gardent toujours le caractère de propriété commu¬

212 692 628 38 nale (I). » Pour ce qui concerne les biens meubles, la

211 724 626 38 famille possède indivisément les produits de l’exploitation

211 755 628 34 agricole, les bêtes de somme et les chevaux, les usten¬

211 781 629 37 siles domestiques, en particulier, la batterie de cuisine et

208 809 632 37 la chaine qui pend au-dessus du foyer. Notons aussi des

208 839 631 39 objets de luxe, tels que vases d’argent et autres choses

211 866 628 44 précieuses, enfin les capitaux entassés sous forme de

211 896 625 39 monnaies dans des coffres, et ne rapportant aucun intérêt.

211 929 628 35 Les moulins, les fromageries, les écuries, les parcs pour

211 956 628 37 le bétail, différentes parties de la demeure ossète, le khad¬

212 986 627 35 zar, ou la salle à manger-cuisine, et la Kounatskaia, ou

211 1013 628 38 chambre des hôtes, sont considérés comme propriété com¬

212 1042 627 37 mune de toute la famille. Il en est encore de même des

211 1072 629 34 canaux creusés pour irriguer les champs et des ruches

211 1098 628 38 d’abeilles que la famille a recueillies. Mais les logements

212 1124 627 41 occupés par les couples individuels, quoique vivants dans

214 1160 527 37 un même feu, leur appartiennent exclusivement.

240 1181 600 41 Tous les objets que nous venons d’énumérer n’ont pas

283 182 480 42 CHAP. II. RÉGIME DES BIENS CHEZ LES OSSÈTES.

796 186 41 42 69

231 1241 499 49 (1) Reoueil de renseignemente sur le Caucase, t. Il, p. 289.

60 49 26 101 1

52 1337 21 52 —
