1015 1566
224 169 35 48 72

249 -2 604 263 DROIT COSTUMIER OSSÉTIEN

224 255 625 37 Le fluzwang, dans sa forme postérieure, assujèttit à des

225 274 626 45 obligations égales tous les « feux » d’un même village,

224 313 627 35 qu’il y eût, ou non entre eux des liens de parenté. Nous

224 341 627 34 nous trouvons évidemment dans ce cas en présence d’une

225 375 628 32 évolution spontanée qui consiste à doter la commune ru-

223 400 631 37 rale du système de réglementation économique qui, tout

223 426 628 37 d’abord, prit naissance au sein des clans ou associations

224 460 629 31 de personnes liées par les liens du sang. Une pareille trans-

224 489 627 34 mission des attributions du clan à la commune agricole ne

225 520 626 34 se présente point comme un fait isolé. Nous en avons un

225 549 628 30 exemple dans le droit de préemption passant des membres

224 574 629 31 d’un même clan à ceux d’une même commune et dans le

225 601 628 34 droit de succession reconnu d’abord au clan puis à la com-

228 632 191 33 Imunauté des voisins (vicini) c'est-à-dire aux membres d’une

252 657 601 38 même commune.

225 683 625 41 Le droit coutumier des Ossètes nous montre l’existence

227 715 624 36 simultanée de ces deux formes du flurzwang: le flurzwang

225 742 626 41 reconnu à la totalité des membres d’un même clan et le

225 772 626 41 furzwang exercé par la commune. Je veux dire, par là,

228 806 625 35 que la nécessité d’observer les termes fixés par la coutume

225 831 626 39 pour l’exécution des travaux agricoles et l’exercice des

228 861 623 38 droits d’usage se retrouvent en Ossétie. Cela est vrai aussi

227 890 623 36 bien dans les communautés composées exclusivement de

229 917 621 39 familles apparentées que dans celles qui ont déjà perdu

228 952 625 31 leur homogénéité primordiale, par l’installation au milieu

229 976 622 35 d’elles de familles étrangères. Nous trouvons, au sujet du

227 1006 624 32 flurzwang ossétien des détails fort curieux dans les « mé-

227 1029 622 42 moires sur l’Ossétie, » publiés en 1850 par la rédaction

228 1063 625 37 du « Caucase. » Aucun Ossète, dit l’auteur de ces mémoires,

229 1092 622 34 n'ose commencer la fenaison avant le mois de juin. A cette

231 1123 620 31 époque tous les habitants du village et de ses environs se

227 1145 623 41 réunissent dans une fête appelée aténet où, après une lon-

231 1181 622 37 (gue délibération, les vieillards décident s’il est temps, ou

393 174 284 43 non, de fauchertD. Il y a également des époques fixes pour

249 1238 274 46 DRoTT COUTUMIER OSSÉTIEN.

772 1534 24 33 (1)Journal le Cauense, 1850, 94
