1015 1566
258 165 33 46 iei76

424 170 281 44 DROIT COUTUMIER OSSÉTIEN.

280 216 601 38 Tandis que la terre reste encore bien souvent en Ossétie

253 249 628 35 propriété indivise de tout un clan, la demeure ossète est en

253 279 623 39 partie propriété familiale et en partie propriété privée.

253 302 627 38 L’histoire comparée du droit nous fait connaître que, dans

253 331 627 39 la période la plus ancienne, la demeure était considérée

253 365 627 34 non pas comme propriété immobilière, mais comme pro¬

253 391 627 39 priété mobilière; le développement de l’individualisme

252 421 627 37 s’étant manifesté avant tout dans l’appropriation particu¬

252 448 628 41 lière des meubles, il n’est pas étonnant que la demeure soit

252 480 624 39 devenue propriété privée bien avant la terre de labour.

252 507 627 38 Pour appuyer de quelque exemple ce que je viens d’énon¬

252 538 627 36 cer, je rappellerai d’abord que l’ancien droit germanique

253 565 623 36 plaçait aussi la demeure au nombre des meubles (D. Au

253 592 623 35 XVIIe siècle quelques sources de droit coutumier moti¬

253 622 623 34 vaient encore cette coutume en disant que tout ce qui pou¬

253 645 624 40 vait être détruit par le feu, devait être réputé propriété

252 678 624 35 mobilière (2). C’est encore ce caractère mobilier de la mai¬

252 707 624 38 son qui permet d’expliquer pourquoi l’ancien droit irlan¬

252 736 624 43 dais, tout en rejetant la saisie de la propriété immobilière,

252 767 624 36 encore à cette époque propriété commune, admettait ce¬

252 793 624 39 pendant la saisie de « tout ce qui pouvait être emporté des

252 824 624 37 parties constitutives d’une maison (3). » En Ossétie, le Khad¬

252 853 625 40 zar ou salle à manger et cuisine communes, ainsi que la

250 882 625 36 kounatskaïa sont invariablement considérés comme la pro¬

250 906 626 40 priété commune de tout le feu. Les ouales ou chambres à

250 939 626 35 coucher qui y sont attenantes et qu’on construit au fur et à

252 968 623 39 mesure que se contractent de nouvelles unions, sont au

250 995 625 38 contraire considérées comme la propriété des couples qui

250 1023 626 39 les habitent, et qui ont le droit de les aliéner. Cela nous

252 1055 623 43 explique comment a pu se produire un fait rapporté par

265 1110 610 43 (1) Voir Stobbe, Beitage sur Geschiehte des Deustchen Rechts, p. 62 et

252 1140 586 37 suiv.; ainsi que son Handbueh des Deutschen Priratrechts, t. I, p. 523.

266 1165 607 32 (2) Berichten die Schô̈pfen, dass im Gericht Dreindenbach alle Lâne, was

252 1184 620 38 (2) die Fackel oder Brand hirveg nehmen, vor Fahrais gehalten, und erkannt

252 1207 517 36 würden massen solches alt Herkommens; ibid., p. 523, rem 10.

266 1231 428 45 (3) Voir Ancient lows, L. I, p. 193. Senelus Mors.
