1005 1566
255 176 477 44 (CHAP. II. RÉGIME DES BIENS CHEZ LES OSSÈTES.

772 167 35 54 73

178 228 629 35 le labourage. Dans l’Ossétie méridionale, au dire de M. Fla¬

182 257 627 35 roysky, le labourage de la terre se fait annuellement à

181 250 628 72 quatre époques différentes: au printemps, pendant quinze

180 313 629 43 jours, époque connue sous le nom de guisane-kouli; en

182 340 627 44 été, à deux époques différentes, connues la première sous

182 373 629 36 le nom d’aneouli et la seconde sous celui d’ouguel; en au¬

184 399 626 43 tomne enfin, pendant dix-sept jours, époque appelée sché¬

184 431 627 38 mod-gomo (1). On trouve, du reste, des coutumes semblables

184 459 626 36 non seulement chez les Ossètes, mais en général chez

185 486 626 41 tous les habitants des districts de Gori et de Douschet; cette

184 518 627 37 circonstance nous porte à croire que les règles que nous

185 548 626 36 venons d’étudier doivent leur origine au droit ou plutôt à

184 575 627 39 la coutume géorgienne, imposée aux Ossètes par leurs sei¬

182 605 631 39 gneurs féodaux. Par suite des conditions climatériques et

184 631 630 39 orographiques, les travaux de l’agriculture sont purement

184 661 630 37 secondaires dans la région des hautes vallées qu’occupent.

184 687 630 39 les Ossètes septentrionaux; on ne met en culture que de

185 719 628 41 petits lots de terrain, sur lesquels on a enlevé les pierres

184 743 630 41 et qui sont arrosés artificiellement. L’agriculture, n’étant

186 772 627 42 qu’une exception dans ces parages, n’est point, par consé¬

185 801 629 42 quent, soumise à la sévère réglementation à laquelle elle

185 833 629 38 est assujettie sur les versants méridionaux de la chaîne du

185 863 629 38 Caucase. Quant aux aouls ossètes disséminés sur le plateau

185 892 629 39 septentrional, comme ils sont organisés d’après le modèle

186 923 628 34 des stanitzas cosaques leurs voisines, sur le principe de

186 950 628 39 l’appropriation collective du sol, ils ont reçu de ces der¬

186 980 628 39 nières la réglementation économique imposée par le com¬

187 1012 195 33 munisme agraire.

212 1030 603 42 Nous trouvons en Ossétie, non seulement des vestiges

187 1066 628 35 qui démontrent que les travaux agricoles étaient autrefois

187 1096 627 34 exécutés en commun, mais encore des exemples vivants

185 1122 629 39 d’un pareil ordre de choses. Ainsi les feux voisins ont cou¬

189 1151 625 39 tume de s’entr’aider les uns les autres et de se prêter

206 1221 609 34 (1) Description des possessions russes du Transcaucase, t. I, p. 60, le dis¬

189 1244 116 37 trict de Gori.
