1005 1566
264 177 486 40 CHAP. II RÉGIME DES BIENS CHEZ LES OSSÈTES

783 178 37 39 71

189 229 631 32 raient pu être assujettis en même temps aux droits de par¬

189 250 633 38 cours. Les recherches de Hansen et de Maurer confirment

191 275 628 43 que l’origine du flurzwang se rattache intimement à l’eris¬

191 314 631 33 tence de la communauté agricole. L’exemple fourni par¬

193 341 626 36 notre économie rurale, dans laquelle le principe commu¬

191 366 629 41 niste appliqué à la possession de la terre existe côte à côte

189 400 630 35 avec une sévère réglementation quant à l’ordre des cul¬

191 428 629 40 tures et quant aux époques de l’exécution des travaux agri¬

190 456 630 38 coles, appuie encore celte conjecture. Elle explique plus

191 488 629 39 d’un trait de l’économie rurale du moyen-âge, par exemple

193 516 627 37 l’existence en Angleterre d’une catégorie particulière de

194 545 626 42 terres, les Lamaslands, ainsi appelées parce que les habi¬

194 576 629 36 tants d’un même village ne pouvaient en profiter, comme.

194 605 626 40 pâturage communal, qu’à partir du jour de l’année connu,

194 634 625 35 dans le calendrier populaire, sous le nom de lamasday (1)

195 662 627 37 De même, la présence obligatoire de tous les habitants d’un

194 689 628 37 même manoir aux lovebones ou travaux agricoles exécutés

194 716 629 36 en commun lors de la récolte des blés et des foins se rat¬

194 746 628 38 tache intimement au flurzwang, ce dernier exigeant que.

194 775 628 41 les champs et les prés soient dégarnis de produits de la ré¬

194 801 629 42 colte à un terme donné. Ainsi le flurzwang, tout en ayant

195 832 629 38 ses racines dans la période antérieure à l’épanouissement.

194 861 629 39 de la propriété privée, tire directement son origine de l’exé¬

195 890 628 41 cution, dans les temps primitifs, des travaux agricoles par¬

195 920 629 37 le concours et aux frais de l’association de tous les membres.

197 947 627 38 d’un même clan. César mentionne un exemple analogue.

195 972 628 43 chez les Suèves où, chaque année, une moitié de la popu¬

198 1003 626 43 lation se consacrait au labourage et à la moisson, et l’année.

198 1034 626 40 suivante passait dans les rangs des guerriers. Ainsi, chez ce.

199 1064 624 41 peuple, chacun pouvait être à son tour soldat et agricul¬

203 1097 178 33 teur temporaire.

216 1148 608 39 (1 )Contrairement à l’opinion de Nasse, Birkbeke démontre qu’il faut en¬

202 1170 660 38 tendre par lamas-land non pas des terres labourées, mais des prairies que

202 1196 622 33 l’on fauchait le 5 août, d’après le calendrier en vigueur, ou le 1er avril,

202 1214 625 42 d’après le calendrier saxon. Historioul shetelt ot the distribution ot land

204 1242 216 46 in England, 1885, p. 19.
