997 1566
203 172 38 40 70

205 -3 628 261 DROIT COSTUMIER OSSÈTIEN

203 251 629 38 toujours été une propriété familiale, et ils ne le sont point

202 275 630 46 devenus à la même époque. La terre garde aujourd’hui

206 311 625 34 encore les traces du caractère qu'elle avait, alors qu’elle.

202 340 630 35 était possédée en commun par un clan tout entier. Nous

203 371 629 33 avons déjà dit que tous les feux d’un même clan élèvent

201 396 632 35 rencore de nos jours des prétentions sur certains lots de ter-

201 430 630 31 (rain. Mais d’autres faits démontrent aussi que les clans en¬

201 458 627 33 tiers étaient, à l’origine, les vrais possesseurs de la terre et¬

202 484 626 38 que les différents feux dont ils se composaient n’avaient que

198 510 631 39 le droit d’en jouir temporairement. Partout où la propriété

199 545 628 33 du feu s’est constituée par un partage, le clan a conservé.

199 572 628 37 des droits à l’héritage de ce qu’on appelle le bien-mort,

199 596 626 36 c’est-à-dire, du bien resté sans propriétaire par l’extinction.

196 625 632 37 complète de tel ou tel « feu» ou communauté familiale.

198 655 629 35 C’est ainsi que s’explique, dans l’ancien droit romain, la

196 685 631 34 succession « des Gentiles, » mentionnée par Galus; les¬

198 716 629 35 droits successoraux de la « pfrund » en Suisse et dans l’Alle¬

197 743 628 38 magne méridionale; enfin, chez les Irlandais, le retour de

197 773 628 33 propriété d’un feu éteint (orba) au clan d’où il était sorti;

194 796 633 39 cette propriété est alors transférée dans la catégorie des

197 827 630 36 lots formant la possession indivise de tous les parents, à

197 859 630 34 quelque degré qu’ils appartiennent, autrement dit le

196 888 629 34 coibhne. Le droit coutumier des Ossètes est parfaitement

196 917 629 34 conforme à ces anciennes législations; il reconnaît à tous.

196 947 631 34 les parents des droits d’héritage sur la terre morte d’un feu.

196 976 629 34 qui vient de s’éteindre; cela nous prouve clairement que

197 1003 628 34 c'est la propriété de clan qui a donné, chez eux, naissance.

196 1030 629 36 à la propriété du « feu, » et que cette dernière ne fut à l’o¬

196 1062 629 32 rigine qu’une possession temporaire. Cette conclusion est¬

196 1090 629 33 en partie confirmée par un trait curieux de l’économie ru¬

197 1118 628 34 rale des Ossètes, qu’on ne peut mieux désigner que par le.

194 1141 629 38 terme allemand flurzwang. Ce mot signifie, comme on le

196 1174 628 35 sait, non seulement la rotation invariable des cultures,

196 1204 628 37 mais encore la nécessité d’observer ponctuellement les ré¬

197 1234 626 46 glements concernant l’époque de l’accomplissement des

375 180 288 37 travaux agricoles; autrement les champs labourés n’au¬

679 1535 9 31 DROIT COUTUMIER OSSÉTIEN.
