4266 6648
3246.0 747.0 133.0 183.0 79

1019.0 720.0 2055.0 199.0 CHAP. II. REGIME DES BIENS CHEZ LES OSSETES.

686.0 930.0 2699.0 172.0 l’ethnographie et l’histoire nous fournissent l’exemple de

714.0 1069.0 2660.0 177.0 peuples ignorant complètement toute propriété privée;

714.0 1207.0 2671.0 144.0 nous voulons simplement faire entendre que dans le droit

709.0 1312.0 2676.0 156.0 ancien et la coutume de plus d’un peuple, on trouve de

709.0 1457.0 2670.0 144.0 nombreux vestiges d’une période reculée, pendant laquelle

703.0 1573.0 2687.0 149.0 les objets de première nécessité, tels que la nourriture et

709.0 1689.0 2659.0 161.0 les vêtements, étaient considérés comme propriété com-

709.0 1839.0 338.0 127.0 mune.

814.0 1916.0 2565.0 178.0 Toutefois, il faut bien admettre qu’à côté de la chasse

703.0 2055.0 2682.0 155.0 aux grands fauves et de la pêche en commun, il y eut de

703.0 2193.0 2676.0 161.0 tout temps des chasses et des pêches privées. Nous sommes

703.0 2315.0 2682.0 150.0 donc nécessairement amenés à reconnaître que, même dans

709.0 2437.0 2659.0 161.0 les temps les plus reculés, à côté de la propriété commune,

703.0 2565.0 2671.0 155.0 provenant des travaux accomplis en commun, on trouve

698.0 2675.0 2681.0 155.0 aussi les premiers germes de la propriété privée, résultant

703.0 2803.0 2671.0 138.0 de l’application d’efforts individuels. La règle qui attribue

681.0 2908.0 2687.0 155.0 à l’individu le produit de son travail isolé, ne fut pas, du

703.0 3047.0 2659.0 144.0 reste, aussi illimitée que paraît l’admettre M. Ziber. Vi-

703.0 3163.0 2665.0 149.0 vant en commun avec leurs parents, recevant d’eux le

698.0 3268.0 2670.0 161.0 logement, les vêtements et la nourriture, le chasseur, le

686.0 3401.0 2671.0 172.0 pêcheur et le guerrier primitifs étaient également tenus de

692.0 3517.0 2665.0 178.0 partager avec eux le produit de leur travail. L’individu

692.0 3639.0 2676.0 172.0 était à l’égard de la communauté familiale dans un état

681.0 3778.0 2681.0 160.0 de complète dépendance. Voilà pourquoi les produits de la

686.0 3911.0 2676.0 138.0 chasse privée, non consommés sur place, devenaient la

692.0 4022.0 2665.0 166.0 propriété commune de tout le feu. La moindre infraction à

686.0 4149.0 2676.0 144.0 cette règle était considérée par la coutume comme une vio-

692.0 4249.0 2665.0 166.0 lation des droits de la famille, comme une espèce de vol

686.0 4398.0 2676.0 144.0 (il va sans dire que je donne ici à ce terme la large signifi-

681.0 4492.0 2665.0 172.0 cation que les anciens Romains attachaient au mot furtum).

792.0 4642.0 2559.0 144.0 Le droit coutumier des Ossètes confirme pleinement

675.0 4731.0 2671.0 171.0 cette manière de voir. Les fusils et les vieilles armes qui

681.0 4864.0 2670.0 171.0 leur viennent de leurs aïeux sont considérés aujourd’hui

681.0 4997.0 2659.0 138.0 encore, en Ossétie, comme la propriété de toute la famille.

681.0 5118.0 2670.0 133.0 C’est le feu qui fournit à chacun les vêtements dont il a

681.0 5229.0 2665.0 189.0 besoin. On pourrait encore appliquer littéralement aux
