1015 1566
233.0 170.0 34.0 45.0 74

231.0 220.0 627.0 39.0 mutuellement ce qui leur manque et particulièrement les

232.0 250.0 624.0 37.0 instruments de labour pour cultiver les terres. Nous au¬

231.0 284.0 624.0 30.0 rons l’occasion de revenir sur ce trait curieux, intime¬

231.0 306.0 624.0 38.0 ment lié, dans l’Ossétie méridionale, à la pratique du la¬

231.0 334.0 625.0 40.0 bourage avec de lourdes charrues attelées de plusieurs

231.0 368.0 625.0 35.0 paires de bœufs. Pour le moment, bornons-nous à faire

232.0 398.0 623.0 33.0 ressortir une conséquence importante du flurzwang ossé¬

229.0 425.0 626.0 38.0 tien : grâce à lui les divers feux d’une même commune

229.0 454.0 626.0 39.0 peuvent faire paître leurs troupeaux sur les champs et les

231.0 484.0 624.0 35.0 prairies, après l’achèvement des récoltes. Nous retrouvons

228.0 512.0 627.0 32.0 des coutumes semblables dans toute l’Europe du moyen¬

229.0 541.0 626.0 33.0 âge; elles subsistent aujourd’hui encore dans beaucoup de

232.0 571.0 623.0 34.0 pays, et particulièrement en France, où on les désigne

231.0 597.0 623.0 34.0 sous le nom de « vaine pâture. » On peut voir là un indice

229.0 621.0 625.0 36.0 sûr que les terres qui lui sont soumises formaient autre¬

228.0 649.0 626.0 41.0 fois une propriété collective (1). Ce n’est que dans la région

232.0 685.0 622.0 32.0 montagneuse qu’on trouve en Ossétie des terrains non

229.0 712.0 625.0 34.0 assujettis à l’obligation de la vaine pâture et comme tels

229.0 741.0 626.0 36.0 soigneusement clos. Tous les autres, après que les foins et

228.0 766.0 626.0 37.0 les blés ont été rentrés, sont soumis à la jouissance com¬

228.0 797.0 622.0 38.0 mune jusqu’au labourage de printemps. A cette époque,

228.0 823.0 626.0 43.0 les propriétaires reprennent l’usage exclusif des lots qui

229.0 858.0 213.0 37.0 leur appartiennent.

256.0 884.0 598.0 37.0 Le caractère communiste qui distinguait naguère le ré¬

231.0 914.0 623.0 38.0 gime de la propriété et le mode de production des Ossètes

232.0 947.0 622.0 30.0 se retrouvait aussi dans la consommation. En 1850, l’au¬

229.0 968.0 626.0 36.0 teur déjà cité des mémoires sur l’Ossétie notait encore

229.0 999.0 626.0 35.0 l’intéressante particularité suivante : tout Ossète, qui man¬

232.0 1034.0 622.0 32.0 quait de foin pour ses bêtes, pouvait en prendre à n’im¬

232.0 1060.0 621.0 33.0 porte quelle meule. Cette faculté, toutefois, n’était accor¬

228.0 1087.0 626.0 37.0 dée qu’à la condition d’observer certaines règles établies

231.0 1115.0 623.0 34.0 par la coutume dans le but de la restreindre dans des

232.0 1141.0 622.0 37.0 limites déterminées. On voulait ainsi empêcher les per¬

402.0 177.0 283.0 38.0 DROIT COUTUMIER OSSÉTIEN.

249.0 1191.0 607.0 31.0 (1) Dans les montagnes, dit M. Krasnitky, les terres de parcours formaient

233.0 1209.0 621.0 37.0 lla propriété commune d’un ou de plusieurs aouls. On en trouve encore,

236.0 1231.0 618.0 46.0 Temarque-Lil, de nos jours, des vestiges nomhreux. V. le Cauoase, 1865, 33.
