1015 1566
224.0 169.0 35.0 48.0 72

250 219 604 40 Le fluzwang, dans sa forme postérieure, assujettit à des

224.0 255.0 625.0 37.0 obligations égales tous les « feux » d’un même village,

225.0 274.0 626.0 45.0 qu’il y eût, ou non entre eux des liens de parenté. Nous

224.0 313.0 627.0 35.0 nous trouvons évidemment dans ce cas en présence d’une

224.0 341.0 627.0 34.0 évolution spontanée qui consiste à doter la commune ru-

225.0 375.0 628.0 32.0 rale du système de réglementation économique qui, tout

223.0 400.0 631.0 37.0 d’abord, prit naissance au sein des clans ou associations

223.0 426.0 628.0 37.0 de personnes liées par les liens du sang. Une pareille trans-

224.0 460.0 629.0 31.0 mission des attributions du clan à la commune agricole ne

224.0 489.0 627.0 34.0 se présente point comme un fait isolé. Nous en avons un

225.0 520.0 626.0 34.0 exemple dans le droit de préemption passant des membres

225.0 549.0 628.0 30.0 d’un même clan à ceux d’une même commune et dans le

224.0 574.0 629.0 31.0 droit de succession reconnu d’abord au clan puis à la com-

225.0 601.0 628.0 34.0 Imunauté des voisins (vicini) c'est-à-dire aux membres d’une

228.0 632.0 191.0 33.0 même commune.

252.0 657.0 601.0 38.0 Le droit coutumier des Ossètes nous montre l’existence

225.0 683.0 625.0 41.0 simultanée de ces deux formes du flurzwang: le flurzwang

227.0 715.0 624.0 36.0 reconnu à la totalité des membres d’un même clan et le

225.0 742.0 626.0 41.0 furzwang exercé par la commune. Je veux dire, par là,

225.0 772.0 626.0 41.0 que la nécessité d’observer les termes fixés par la coutume

228.0 806.0 625.0 35.0 pour l’exécution des travaux agricoles et l’exercice des

225.0 831.0 626.0 39.0 droits d’usage se retrouvent en Ossétie. Cela est vrai aussi

228.0 861.0 623.0 38.0 bien dans les communautés composées exclusivement de

227.0 890.0 623.0 36.0 familles apparentées que dans celles qui ont déjà perdu

229.0 917.0 621.0 39.0 leur homogénéité primordiale, par l’installation au milieu

228.0 952.0 625.0 31.0 d’elles de familles étrangères. Nous trouvons, au sujet du

229.0 976.0 622.0 35.0 flurzwang ossétien des détails fort curieux dans les « mé-

227.0 1006.0 624.0 32.0 moires sur l’Ossétie, » publiés en 1850 par la rédaction

227.0 1029.0 622.0 42.0 du « Caucase. » Aucun Ossète, dit l’auteur de ces mémoires,

228.0 1063.0 625.0 37.0 n'ose commencer la fenaison avant le mois de juin. A cette

229.0 1092.0 622.0 34.0 époque tous les habitants du village et de ses environs se

231.0 1123.0 620.0 31.0 réunissent dans une fête appelée aténet où, après une lon-

227.0 1145.0 623.0 41.0 gue délibération, les vieillards décident s’il est temps, ou

231.0 1181.0 622.0 37.0 non, de faucher (1). Il y a également des époques fixes pour

393.0 174.0 284.0 43.0 DROIT COUTUMIER OSSÉTIEN.

249.0 1238.0 274.0 46.0 (1) Journal le Caucase, 1850, 94
