2479 3508
1020.0 374.0 628.0 79.0 DROIT COUTUMIER OSSÉTIEN.

640.0 353.0 76.0 94.0 92

634.0 447.0 1409.0 96.0 le pâturage pour le bétail, restent la propriété commune

628.0 529.0 1412.0 79.0 d’un ou de plusieurs villages, jadis occupés exclusivement

631.0 596.0 1409.0 76.0 par des familles parentes. L’installation d’étrangers à côté

625.0 660.0 1415.0 76.0 de ces familles sortant d’une même souche, le mélange de

625.0 727.0 1412.0 73.0 cette population immigrée avec l’ancienne, ne fit point ces-

625.0 792.0 1412.0 76.0 ser la jouissance commune de la mark indivise qui entou-

622.0 844.0 351.0 88.0 rait le village.

681.0 915.0 1356.0 84.0 L’histoire de la propriété foncière tant en Occident qu’en

625.0 979.0 1406.0 85.0 Russie nous présente des faits analogues. Les « généalogies»

625.0 1055.0 1409.0 82.0 des Allamans, sortes de clans ou de gentes, ayant admis des

625.0 1113.0 1409.0 82.0 personnes étrangères font place, après un certain temps, aux

622.0 1181.0 1406.0 73.0 communautés de voisins, c’est-à-dire aux communes agri-

622.0 1245.0 1406.0 79.0 coles. Mais le principe communiste qui apparaissait dans

622.0 1300.0 1406.0 85.0 la possession indivise de l’allmend, des communaux, se

622.0 1368.0 1403.0 79.0 maintient comme par le passé à travers tout le moyen-âge

622.0 1435.0 1403.0 73.0 let subsiste même encore de nos jours. Les clans de Dit-

619.0 1502.0 1406.0 73.0 marchen appelés slachts sont remplacés à la longue par

619.0 1566.0 1406.0 73.0 des communautés aux formes plus libres et plus larges se

616.0 1628.0 1412.0 79.0 fondant déjà sur le voisinage et non exclusivement sur la

625.0 1692.0 1400.0 82.0 parenté. Les chroniqueurs du XVe et du XVIe siècle conti-

616.0 1759.0 1406.0 76.0 nuent toutefois à faire encore mention de la possession in-

613.0 1824.0 1409.0 87.0 divisible des terrains incultes et des forêts par les feux qui

616.0 1879.0 1409.0 91.0 les composaient. Les partecipanze italiennes, qui dans le

610.0 1949.0 1407.0 82.0 canton de Tessin, ont encore gardé leur ancien caractère de

610.0 2020.0 1410.0 76.0 co-propriété familiale, se présentent déjà avec tous les traits

608.0 2084.0 1409.0 73.0 d’une commune agricole tant dans le nord que dans le

610.0 2148.0 1407.0 76.0 centre de l’Italie. Mais, les familles qui en font partie con-

608.0 2201.0 1406.0 90.0 tinuent à posséder les pâturages communs d’après l’ancien

610.0 2280.0 1404.0 76.0 principe de l’indivisibilité. Si enfin nous venons à notre

608.0 2344.0 1406.0 76.0 patrie, nous trouvons dans tout le nord de la Russie un

605.0 2405.0 1409.0 73.0 ordre de choses identique. Nous voyons des communes

608.0 2464.0 1400.0 82.0 agricoles, formées par la dissolution encore récente et fa-

605.0 2525.0 1406.0 82.0 cile à constater de communautés dont l’unité de sang for-

605.0 2595.0 1406.0 76.0 mait la base. Même dans les rameaux de la race aryenne

605.0 2651.0 1403.0 88.0 les plus éloignés, chez les paysans des provinces du nord-

605.0 2718.0 1400.0 108.0 ouest de l’Inde et du Pendjab, les droits d’usage dans la
