1005 1566
157.0 233.0 627.0 33.0 sonnes les plus opulentes, c'est-à-dire les propriétaires de

157.0 257.0 627.0 36.0 nombreux troupeaux, d’en abuser. Ces règles n’étaient.

157.0 283.0 627.0 40.0 que le complément de celles qui fixaient l’usage que les

157.0 318.0 627.0 35.0 villageois étaient autorisés à retirer des terres labourables

155.0 345.0 629.0 37.0 et des prés par droit de vaine pâture. Nous avons vu que

157.0 375.0 627.0 36.0 ce droit ne pouvait être exercé qu’après la rentrée des blés

156.0 401.0 629.0 38.0 et des foins et durait jusqu’au printemps. A partir de cette

157.0 431.0 628.0 38.0 époque, les champs étant derechef soumis à la charrue et

157.0 463.0 630.0 39.0 les prés mis en défense, le bétail était exposé à manquer

156.0 490.0 629.0 38.0 de nourriture; il était donc indispensable de lui fournir

157.0 520.0 628.0 35.0 du foin, jusqu’au moment où les pâturages situés ordinai¬

157.0 550.0 626.0 37.0 rement sur les montagnes se couvriraient d’herbe nouvelle.

159.0 572.0 625.0 42.0 Voila pourquoi, en Ossétie, ce n’était qu’à dater du prin¬

159.0 601.0 626.0 43.0 temps qu’il était permis de s’emparer ainsi du fourrage.

157.0 634.0 627.0 38.0 dont on avait besoin. « Quand la voix du coucou, annon¬

157.0 665.0 628.0 35.0 cant l’arrivée du printemps, commence à assourdir la fo¬

156.0 691.0 625.0 38.0 rêt, dit l’auteur des mémoires sur l’Ossétie, tout Ossète,

157.0 722.0 626.0 36.0 a la liberté de prendre du foin à n’importe quelle meule.

157.0 750.0 627.0 36.0 Mais si, avant ce signal, il se permet d’en prendre une

157.0 779.0 627.0 41.0 seule poignée à son voisin, il doit en payer trois fois la va¬

156.0 809.0 108.0 35.0 (Jeur (1). ».

182.0 828.0 603.0 45.0 Le communisme agraire qui autrefois était pratiqué par¬

154.0 863.0 631.0 37.0 les gentes ou clans des Ossètes, subsiste encore dans leurs

155.0 892.0 628.0 43.0 communautés familiales. « Il y a des feux, dit M. Pfaff, où

156.0 925.0 628.0 34.0 les travaux agricoles se font en commun et où la récolte

156.0 952.0 627.0 38.0 appartient à toute la communauté. La consommation a lieu

156.0 981.0 628.0 36.0 de même en commun, la nourriture est préparée à la

157.0 1008.0 628.0 38.0 même cuisine pour tous les habitants du feu; les produits

155.0 1038.0 629.0 37.0 industriels, le fil, les tissus, sont distribués entre eux par¬

157.0 1067.0 627.0 42.0 portions égales. Dans quelques feux pourtant, la jouissance

159.0 1096.0 625.0 40.0 privée s’est déjà substituée à la jouissance commune. Dans

159.0 1124.0 625.0 40.0 ce cas, la terre est partagée chaque année entre les couples

157.0 1151.0 628.0 41.0 individuels qui composent le feu; chacun cultive sa part et

157.0 1182.0 549.0 42.0 garde pour lui toute la récolte qu’il en obtient (2). »

178.0 1221.0 268.0 38.0 (1)Journal le Caucase, 1850, 94.

177.0 1241.0 559.0 50.0 (2) Voir le Rooueil des renseignemonts sur le Cauoase, t. II, p. 290.

228.0 180.0 483.0 43.0 (CHAP. Il. RÉGIME DES BIENS CHEZ LES OSSÈTES.

749.0 169.0 34.0 50.0 75
